@online{CernBiodiversity2,
  author = {CERN},
  title = {Environmental awareness: exploring CERNâ€™s biodiversity},
  year = 2022,
  url = {https://home.cern/news/news/cern/environmental-awareness-exploring-cerns-biodiversity},
  urldate = {2023-04-22}
}

@online{CernBiodiversity1,
  author = {Cian O'Luanaigh},
  title = {The birds and the beams: Biodiversity at CERN},
  year = 2015,
  url = {https://home.cern/news/news/cern/birds-and-beams-biodiversity-cern},
  urldate = {2023-04-22}
}

@online{DataCleaning,
  author = {Bala Murugan N G},
  title = {Audio Processing and Remove Silence using Python},
  year = 2020,
  url = {https://ngbala6.medium.com/audio-processing-and-remove-silence-using-python-a7fe1552007a},
  urldate = {2023-04-22}
}

@online{XenoCanto,
  author = {Xeno Canto},
  title = {Bird Sound Database},
  url = {https://xeno-canto.org},
  urldate = {2023-04-22}
}


